<?xml version="1.0" encoding="utf-8"?>
<record xmlns="http://www.loc.gov/MARC21/slim" xmlns:xsi="http://www.w3.org/2001/XMLSchema-instance" xsi:schemaLocation="http://www.loc.gov/MARC21/slim http://www.loc.gov/standards/marcxml/schema/MARC21slim.xsd">
	<leader>     nam a22     Mi 4500</leader>
	<controlfield tag="001">4825595</controlfield>
	<controlfield tag="003">NNC</controlfield>
	<controlfield tag="006">m        d        </controlfield>
	<controlfield tag="007">cr cn |||m|||a</controlfield>
	<controlfield tag="008">181206s1910    ua      o     000 0 ara d</controlfield>
	<datafield ind1=" " ind2=" " tag="040">
		<subfield code="a">ZYU</subfield>
		<subfield code="b">ara</subfield>
		<subfield code="e">rda</subfield>
		<subfield code="c">ZYU</subfield>
	</datafield>
	<datafield ind1=" " ind2="4" tag="050">
		<subfield code="a">BP130.4</subfield>
		<subfield code="b">.A34 1910</subfield>
	</datafield>
	<datafield ind1="0" ind2=" " tag="100">
		<subfield code="6">880-01</subfield>
		<subfield code="a">Abū Ḥayyān Muḥammad ibn Yūsuf,</subfield>
		<subfield code="d">1256-1344.</subfield>
	</datafield>
	<datafield ind1="1" ind2="0" tag="240">
		<subfield code="6">880-02</subfield>
		<subfield code="a">Baḥr al-muḥīṭ fī tafsīr al-Qurʼān</subfield>
	</datafield>
	<datafield ind1="1" ind2="3" tag="245">
		<subfield code="6">880-03</subfield>
		<subfield code="a">al-Tafsīr al-kabīr al-musammá bi-al-Baḥr al-muḥīṭ /</subfield>
		<subfield code="c">taʼlīf Abī ʻAbd Allāh Muḥammad ibn Yūsuf ibn ʻAlī ibn Yūsuf ibn Ḥayyān al-Andalusī al-Gharnāṭī al-Jayyānī al-shahīr bi-Abī Ḥayyān.</subfield>
	</datafield>
	<datafield ind1="1" ind2="4" tag="246">
		<subfield code="6">880-04</subfield>
		<subfield code="a">Tafsīr al-Baḥr al-muḥīṭ </subfield>
	</datafield>
	<datafield ind1=" " ind2=" " tag="250">
		<subfield code="6">880-05</subfield>
		<subfield code="a">al-Ṭabʻah al-ūlá</subfield>
	</datafield>
	<datafield ind1=" " ind2=" " tag="260">
		<subfield code="6">880-06</subfield>
		<subfield code="a">Miṣr :</subfield>
		<subfield code="b">Maṭbaʻat al-Saʻādah,</subfield>
		<subfield code="c">1328 [1910]</subfield>
	</datafield>
	<datafield ind1=" " ind2=" " tag="300">
		<subfield code="a">online resource (8 volumes)</subfield>
	</datafield>
	<datafield ind1=" " ind2=" " tag="336">
		<subfield code="a">text</subfield>
		<subfield code="2">rdacontent</subfield>
	</datafield>
	<datafield ind1=" " ind2=" " tag="337">
		<subfield code="a">computer</subfield>
		<subfield code="2">rdamedia</subfield>
	</datafield>
	<datafield ind1=" " ind2=" " tag="338">
		<subfield code="a">online resource</subfield>
		<subfield code="2">rdacarrier</subfield>
	</datafield>
	<datafield ind1=" " ind2=" " tag="500">
		<subfield code="a">On the margin: al-Nahr al-mādd min al-Baḥr li-Abī Ḥayyān ayḍān. Wa-thānīhumā Kitāb al-Durr al-laqīṭ min al-Baḥr al-muḥīṭ li-talmīdh Abī Ḥayyān al-Imām Tāj al-Dīn Abī Muḥammad Aḥmad ibn ʻAbd al-Qādir ibn Aḥmad ibn Maktūb al-Qaysī al-Ḥanifī al-Naḥwī ...&quot;</subfield>
	</datafield>
	<datafield ind1=" " ind2=" " tag="500">
		<subfield code="a">Part of the Arabic Collections Online (ACO) project, contributed by Columbia University Libraries.</subfield>
	</datafield>
	<datafield ind1=" " ind2=" " tag="533">
		<subfield code="a">Electronic reproduction.</subfield>
		<subfield code="b">New York, N.Y. :</subfield>
		<subfield code="c">New York University,</subfield>
		<subfield code="d">2018.</subfield>
		<subfield code="5">NNU</subfield>
	</datafield>
	<datafield ind1="0" ind2="0" tag="630">
		<subfield code="a">Qurʼan</subfield>
		<subfield code="x">Criticism, interpretation, etc.</subfield>
	</datafield>
	<datafield ind1="0" ind2="7" tag="630">
		<subfield code="a">Qurʼan.</subfield>
		<subfield code="2">fast</subfield>
		<subfield code="0">(OCoLC)fst01842877</subfield>
	</datafield>
	<datafield ind1=" " ind2="7" tag="655">
		<subfield code="a">Criticism, interpretation, etc.</subfield>
		<subfield code="2">fast</subfield>
		<subfield code="0">(OCoLC)fst01411635</subfield>
	</datafield>
	<datafield ind1="0" ind2="2" tag="700">
		<subfield code="6">880-07</subfield>
		<subfield code="a">Abū Ḥayyān Muḥammad ibn Yūsuf,</subfield>
		<subfield code="d"> 1256-1344.</subfield>
		<subfield code="t">Naḥr al-mādd min al-Baḥr. </subfield>
	</datafield>
	<datafield ind1="0" ind2="2" tag="700">
		<subfield code="6">880-08</subfield>
		<subfield code="a">Ibn Maktūm, Aḥmad ibn ʻAbd al-Qādir,</subfield>
		<subfield code="d">1284-1348.</subfield>
		<subfield code="t">Durr al-laqīṭ min al-Baḥr al-muḥīṭ.</subfield>
	</datafield>
	<datafield ind1="2" ind2=" " tag="710">
		<subfield code="a">Columbia University.</subfield>
		<subfield code="b">Libraries.</subfield>
	</datafield>
	<datafield ind1="0" ind2=" " tag="730">
		<subfield code="a">Arabic Collections Online.</subfield>
	</datafield>
	<datafield ind1="0" ind2="8" tag="776">
		<subfield code="i">Online version:</subfield>
		<subfield code="a">Abū Ḥayyān Muḥammad ibn Yūsuf, 1256-1344.</subfield>
		<subfield code="s">Baḥr al-muḥīṭ fī tafsīr al-Qurʼān.</subfield>
		<subfield code="t">Tafsīr al-kabīr al-musammá bi-al-Baḥr al-muḥīṭ.</subfield>
		<subfield code="d">Miṣr : Maṭbaʻat al-Saʻādah, 1328 [1910]</subfield>
		<subfield code="w">(OCoLC)780200251</subfield>
	</datafield>
	<datafield ind1="0" ind2="8" tag="776">
		<subfield code="i">Print version:</subfield>
		<subfield code="a">Abū Ḥayyān Muḥammad ibn Yūsuf, 1256-1344.</subfield>
		<subfield code="t">al-Tafsīr al-kabīr al-musammá bi-al-Baḥr al-muḥīṭ</subfield>
		<subfield code="w">(NNC)4825595</subfield>
		<subfield code="w">(OCoLC)25838454</subfield>
	</datafield>
	<datafield ind1="4" ind2="0" tag="856">
		<subfield code="u">http://hdl.handle.net/2333.1/z34tmwwn</subfield>
	</datafield>
	<datafield ind1="0" ind2=" " tag="880">
		<subfield code="6">100-01</subfield>
		<subfield code="a">أبو حيان محمد بن يوسف،</subfield>
		<subfield code="d">1256-1344.</subfield>
	</datafield>
	<datafield ind1="1" ind2="0" tag="880">
		<subfield code="6">240-02</subfield>
		<subfield code="a">بحر المحيط في تفسير القرآن</subfield>
	</datafield>
	<datafield ind1="1" ind2="2" tag="880">
		<subfield code="6">245-03</subfield>
		<subfield code="a">التفسير الكبير المسمى بالبحر المحيط /</subfield>
		<subfield code="c">تأليف أبى عبد الله محمد بن يوسف بن أبى على بن يوسف بن حيان الأندلسى الغرناطى الجيانى الشهير بأبى حيان.</subfield>
	</datafield>
	<datafield ind1="1" ind2="4" tag="880">
		<subfield code="6">246-04</subfield>
		<subfield code="a">تفسير البحر المحيط</subfield>
	</datafield>
	<datafield ind1=" " ind2=" " tag="880">
		<subfield code="6">250-05</subfield>
		<subfield code="a">الطبعة الاولى</subfield>
	</datafield>
	<datafield ind1=" " ind2=" " tag="880">
		<subfield code="6">260-06</subfield>
		<subfield code="a">مصر :</subfield>
		<subfield code="b">مطبعة السعادة،</subfield>
		<subfield code="c">1328 [1910].</subfield>
	</datafield>
	<datafield ind1="0" ind2="2" tag="880">
		<subfield code="6">700-07</subfield>
		<subfield code="a">ابو حيان محمد بن يوسف،</subfield>
		<subfield code="d">1256-1344.</subfield>
		<subfield code="t">نهر المديد من البحر.</subfield>
	</datafield>
	<datafield ind1="1" ind2="2" tag="880">
		<subfield code="6">700-08</subfield>
		<subfield code="a">ابن مكتوم، أحمد بن عبد القادر،,</subfield>
		<subfield code="d">1284-1348.</subfield>
		<subfield code="t">در اللقيط من البحر المحيط.</subfield>
	</datafield>
	<datafield ind1=" " ind2=" " tag="959">
		<subfield code="a">NNU</subfield>
		<subfield code="b">WEB</subfield>
		<subfield code="c">GENI</subfield>
		<subfield code="t">0</subfield>
		<subfield code="m">Electronic access</subfield>
		<subfield code="s">01</subfield>
	</datafield>
	<datafield ind1=" " ind2=" " tag="999">
		<subfield code="i">NNC_4825595</subfield>
		<subfield code="o">(OCoLC)ocm25838454</subfield>
		<subfield code="s">columbia_aco003187:v.1</subfield>
		<subfield code="s">columbia_aco003188:v.4</subfield>
		<subfield code="s">columbia_aco003189:v.5</subfield>
		<subfield code="e">(ERROR-880)</subfield>
		<subfield code="s">columbia_aco003187:v.1</subfield>
		<subfield code="s">columbia_aco003188:v.4</subfield>
		<subfield code="s">columbia_aco003189:v.5</subfield>
	</datafield>
</record>
